@article{heil2015power,
  title={Power colours: simple X-ray binary variability comparison},
  author={Heil, LM and Uttley, P and Klein-Wolt, M},
  journal={Monthly Notices of the Royal Astronomical Society},
  volume={448},
  number={4},
  pages={3339--3347},
  year={2015},
  publisher={Oxford University Press}
}

@article{galloway2006intermittent,
  title={Intermittent pulsations in an accretion-powered millisecond pulsar},
  author={Galloway, Duncan K and Morgan, Edward H and Krauss, Miriam I and Kaaret, Philip and Chakrabarty, Deepto},
  journal={The Astrophysical Journal Letters},
  volume={654},
  number={1},
  pages={L73},
  year={2006},
  publisher={IOP Publishing}
}

@misc{rxtecookbookdeadtime,
  author = {{\relax Guest Observer Facility} RXTE},
  title = {Correcting for PCA Deadtime},
  year = 2012,
  url = {https://heasarc.gsfc.nasa.gov/docs/xte/recipes/pca_deadtime.html},
  note = {Accessed: 20-05-2016}
}

@book{oed,
    author={{\relax Oxford English Dictionary} OED},
    title={The Concise Oxford Dictionary of Current English (6th ed)},
    year={1976},
    publisher={Oxford University Press},
    address={Ely House, London}
}

@article{fridriksson2015common,
  title={Common Patterns in the Evolution between the Luminous Neutron Star Low-Mass X-ray Binary Subclasses},
  author={Fridriksson, Joel K and Homan, Jeroen and Remillard, Ronald A},
  journal={The Astrophysical Journal},
  volume={809},
  number={1},
  pages={52},
  year={2015},
  publisher={IOP Publishing}
}

@article{done2003observing,
  title={Observing the effects of the event horizon in black holes},
  author={Done, Chris and Gierli{\'n}ski, Marek},
  journal={Monthly Notices of the Royal Astronomical Society},
  volume={342},
  number={4},
  pages={1041--1055},
  year={2003},
  publisher={Oxford University Press}
}

@article{klein2008identification,
  title={Identification of black hole power spectral components across all canonical states},
  author={Klein-Wolt, M and {van der Klis}, M},
  journal={The Astrophysical Journal},
  volume={675},
  number={2},
  pages={1407},
  year={2008},
  publisher={IOP Publishing}
}

@article{heil2015inclination,
  title={Inclination-dependent spectral and timing properties in transient black hole X-ray binaries},
  author={Heil, LM and Uttley, P and Klein-Wolt, M},
  journal={Monthly Notices of the Royal Astronomical Society},
  volume={448},
  number={4},
  pages={3348--3353},
  year={2015},
  publisher={Oxford University Press}
}

@article{hasinger1989two,
  title={Two patterns of correlated X-ray timing and spectral behaviour in low-mass X-ray binaries},
  author={Hasinger, G and {van der Klis}, M},
  journal={Astronomy and Astrophysics},
  volume={225},
  pages={79--96},
  year={1989}
}

@article{kuulkers1997gx,
  title={GX 17+ 2: X-ray spectral and timing behaviour of a bursting Z source},
  author={Kuulkers, E and Kuulkers, E and {van der Klis}, M and Oosterbroek, T and {van Paradijs}, J and Lewin, WHG},
  journal={Monthly Notices of the Royal Astronomical Society},
  volume={287},
  number={3},
  pages={495--514},
  year={1997},
  publisher={Oxford University Press}
}

@article{walter1982discovery,
  title={Discovery of a 50 minute binary period and a likely 22 magnitude optical counterpart for the X-ray burster 4U 1915-05},
  author={Walter, FM and Mason, KO and Clarke, JT and Halpern, J and Grindlay, JE and Bowyer, S and Henry, JP},
  journal={The Astrophysical Journal},
  volume={253},
  pages={L67--L71},
  year={1982}
}

@article{wijnands1998millisecond,
  title={A millisecond pulsar in an X-ray binary system},
  author={Wijnands, Rudy and {van der Klis}, Michiel},
  journal={nature},
  volume={394},
  number={6691},
  pages={344--346},
  year={1998},
  publisher={Nature Publishing Group}
}

@article{cumming2001magnetic,
  title={Magnetic screening in accreting neutron stars},
  author={Cumming, Andrew and Zweibel, Ellen and Bildsten, Lars},
  journal={The Astrophysical Journal},
  volume={557},
  number={2},
  pages={958},
  year={2001},
  publisher={IOP Publishing}
}

@article{patruno2012accreting,
  title={Accreting millisecond X-ray pulsars},
  author={Patruno, Alessandro and Watts, AL},
  journal={arXiv preprint 1206.2727},
  year={2012}
}

@article{klis2000millisecond,
  title={Millisecond Oscillations in X-Ray Binaries},
  author={{van der Klis}, M},
  journal={Annual Review of Astronomy and Astrophysics},
  volume={38},
  number={1},
  pages={717--760},
  year={2000},
  publisher={Annual Reviews}
}

@phdthesis{kleinwolt,
  title={Black Hole X-ray Binaries},
  author={Marc Klein-Wolt},
  school={University of Amsterdam},
  year={2004}
}

@misc{simbad,
  author = {SIMBAD},
  title = {SIMBAD Astronomical Database},
  year = 2016,
  url = {http://simbad.u-strasbg.fr/simbad/},
  note = {Accessed: 01-06-2016}
}

@article{mendez1997kilohertz,
  title={Kilohertz quasi-periodic oscillation and atoll source states in 4U 0614+ 09},
  author={M{\'e}ndez, M and {van der Klis}, Michiel and {van Paradijs}, J and Lewin, WHG and Lamb, FK and Vaughan, BA and Kuulkers, E and Psaltis, D},
  journal={The Astrophysical Journal Letters},
  volume={485},
  number={1},
  pages={L37},
  year={1997},
  publisher={IOP Publishing}
}

@article{wijnands1999broadband,
  title={The broadband power spectra of X-ray binaries},
  author={Wijnands, Rudy and {van der Klis}, Michiel},
  journal={The Astrophysical Journal},
  volume={514},
  number={2},
  pages={939},
  year={1999},
  publisher={IOP Publishing}
}

@article{motta2012discovery,
  title={Discovery of two simultaneous non-harmonically related quasi-periodic oscillations in the 2005 outburst of the black hole binary GRO J1655-40},
  author={Motta, S and Homan, J and Mu{\~n}oz-Darias, T and Casella, P and Belloni, TM and Hiemstra, B and M{\'e}ndez, M},
  journal={Monthly Notices of the Royal Astronomical Society},
  volume={427},
  number={1},
  pages={595--606},
  year={2012},
  publisher={Oxford University Press}
}

@article{heil2012ubiquity,
  title={The ubiquity of the rms--flux relation in black hole X-ray binaries},
  author={Heil, LM and Vaughan, S and Uttley, P},
  journal={Monthly Notices of the Royal Astronomical Society},
  volume={422},
  number={3},
  pages={2620--2631},
  year={2012},
  publisher={Oxford University Press}
}

@phdthesis{weideadtime,
  title={X-ray power density spectra of black hole binaries: a new deadtime model for the RXTE PCA},
  author={Dennis, W},
  school={Massachusetts Institute of Technology},
  year={2006}
}

@article{jahoda2006calibration,
  title={Calibration of the Rossi X-ray timing explorer proportional counter array},
  author={Jahoda, Keith and Markwardt, Craig B and Radeva, Yana and Rots, Arnold H and Stark, Michael J and Swank, Jean H and Strohmayer, Tod E and Zhang, William},
  journal={The Astrophysical Journal Supplement Series},
  volume={163},
  number={2},
  pages={401},
  year={2006},
  publisher={IOP Publishing}
}

@article{makishima1983discovery,
  title={Discovery of X-ray bursts from GX 3+ 1/4U 1744-26},
  author={Makishima, K and Mitsuda, K and Inoue, H and Koyama, K and Matsuoka, M and Murakami, T and Oda, M and Ogawara, Y and Ohashi, T and Shibazaki, N and others},
  journal={The Astrophysical Journal},
  volume={267},
  pages={310--314},
  year={1983}
}

@article{muno2002z,
  title={How do Z and atoll x-ray binaries differ?},
  author={Muno, Michael P and Remillard, Ronald A and Chakrabarty, Deepto},
  journal={The Astrophysical Journal Letters},
  volume={568},
  number={1},
  pages={L35},
  year={2002},
  publisher={IOP Publishing}
}

@article{gierlinski2002comment,
  title={A comment on the colour-colour diagrams of low-mass X-ray binaries},
  author={Gierlinski, Marek and Done, Chris},
  journal={Monthly Notices of the Royal Astronomical Society},
  volume={331},
  pages={L47--L50},
  year={2002}
}

@article{chakrabarty2003nuclear,
  title={Nuclear-powered millisecond pulsars and the maximum spin frequency of neutron stars},
  author={Chakrabarty, Deepto and Morgan, Edward H and Muno, Michael P and Galloway, Duncan K and Wijnands, Rudy and {van der Klis}, Michiel and Markwardt, Craig B},
  journal={Nature},
  volume={424},
  number={6944},
  pages={42--44},
  year={2003},
  publisher={Nature Publishing Group}
}

@article{strohmayer2003new,
  title={New views of thermonuclear bursts},
  author={Strohmayer, Tod and Bildsten, Lars},
  journal={arXiv preprint astro-ph/0301544},
  year={2003}
}

@misc{rxteenergychannel,
  author = {{\relax Guest Observer Facility} RXTE},
  title = {Energy-Channel Conversion Table},
  year = 2012,
  url = {https://heasarc.gsfc.nasa.gov/docs/xte/e-c_table.html},
  note = {Accessed: 09-06-2016}
}

@article{gleissner2004long,
  title={Long term variability of Cyg X-1-II. The rms-flux relation},
  author={Gleissner, Thomas and Wilms, J and Pottschmidt, K and Uttley, P and Nowak, MA and Staubert, R},
  journal={Astronomy \& Astrophysics},
  volume={414},
  number={3},
  pages={1091--1104},
  year={2004},
  publisher={EDP Sciences}
}

@article{gladstone2007analysing,
  title={Analysing the atolls: X-ray spectral transitions of accreting neutron stars},
  author={Gladstone, Jeanette and Done, Chris and Gierli{\'n}ski, Marek},
  journal={Monthly Notices of the Royal Astronomical Society},
  volume={378},
  number={1},
  pages={13--22},
  year={2007},
  publisher={Oxford University Press}
}

@article{galloway2010discovery,
  title={Discovery of a 552 Hz Burst Oscillation in the Low-Mass X-Ray Binary EXO 0748--676},
  author={Galloway, Duncan K and Lin, Jinrong and Chakrabarty, Deepto and Hartman, Jacob M},
  journal={The Astrophysical Journal Letters},
  volume={711},
  number={2},
  pages={L148},
  year={2010},
  publisher={IOP Publishing}
}

@article{watts2012thermonuclear,
  title={Thermonuclear Burst Oscillations},
  author={Watts, Anna L},
  journal={Annual Review of Astronomy and Astrophysics},
  volume={50},
  pages={609--640},
  year={2012},
  publisher={Annual Reviews}
}

@article{parmar1986discovery,
  title={The discovery of 3.8 hour periodic intensity dips and eclipses from the transient low-mass X-ray binary EXO 0748-676},
  author={Parmar, AN and White, NE and Giommi, P and Gottwald, M},
  journal={The Astrophysical Journal},
  volume={308},
  pages={199--212},
  year={1986}
}

@article{sunyaev2000fourier,
  title={Fourier power spectra at high frequencies: a way to distinguish a neutron star from a black hole},
  author={Sunyaev, R and Revnivtsev, M},
  journal={Astronomy and Astrophysics},
  volume={358},
  pages={617--623},
  year={2000}
}

@article{psaltis1999correlations,
  title={Correlations in quasi-periodic oscillation and noise frequencies among neutron star and black hole X-ray binaries},
  author={Psaltis, Dimitrios and Belloni, Tomaso and {van der Klis}, Michiel},
  journal={The Astrophysical Journal},
  volume={520},
  number={1},
  pages={262},
  year={1999},
  publisher={IOP Publishing}
}

@article{kuulkers1995detection,
  title={Detection of 26Hz quasi-periodic oscillations in the flaring branch of CygnusX-2.},
  author={Kuulkers, E and {van der Klis}, M},
  journal={Astronomy and Astrophysics},
  volume={303},
  pages={801},
  year={1995}
}

@article{morgan2005hete,
  title={HETE J1900. 1-2455 is a millisecond pulsar.},
  author={Morgan, Ed and Kaaret, Phil and Vanderspek, Roland},
  journal={The Astronomer's Telegram},
  volume={523},
  year={2005}
}

@article{payne2006magnetic,
  title={Magnetic burial and the harmonic content of millisecond oscillations in thermonuclear X-ray bursts},
  author={Payne, DJB and Melatos, A},
  journal={The Astrophysical Journal},
  volume={652},
  number={1},
  pages={597},
  year={2006},
  publisher={IOP Publishing}
}

@inproceedings{holberg2005degenerate,
  title={How degenerate stars came to be known as white dwarfs},
  author={Holberg, JB},
  booktitle={Bulletin of the American Astronomical Society},
  volume={37},
  pages={1503},
  year={2005}
}

@book{frank2002accretion,
  title={Accretion power in astrophysics},
  author={Frank, Juhan and King, Andrew and Raine, Derek},
  year={2002},
  publisher={Cambridge university press}
}

@article{shakura1976theory,
  title={A theory of the instability of disk accretion on to black holes and the variability of binary X-ray sources, galactic nuclei and quasars},
  author={Shakura, NI and Sunyaev, RA},
  journal={Monthly Notices of the Royal Astronomical Society},
  volume={175},
  pages={613--632},
  year={1976}
}

@article{done2007modelling,
  title={Modelling the behaviour of accretion flows in X-ray binaries},
  author={Done, Chris and Gierli{\'n}ski, Marek and Kubota, Aya},
  journal={The Astronomy and Astrophysics Review},
  volume={15},
  number={1},
  pages={1--66},
  year={2007},
  publisher={Springer}
}

@article{schwarzschild1916gravitationsfeld,
  title={{\"U}ber das gravitationsfeld eines massenpunktes nach der einsteinschen theorie},
  author={Schwarzschild, Karl},
  journal={Sitzungsberichte der K{\"o}niglich Preu{\ss}ischen Akademie der Wissenschaften (Berlin), 1916, Seite 189-196},
  volume={1},
  pages={189--196},
  year={1916}
}

@book{misner1973gravitation,
  title={Gravitation},
  author={Misner, Charles W and Thorne, Kip S and Wheeler, John Archibald},
  year={1973},
  publisher={Macmillan}
}

@article{oppenheimer1939massive,
  title={On massive neutron cores},
  author={Oppenheimer, J Robert and Volkoff, George M},
  journal={Physical Review},
  volume={55},
  number={4},
  pages={374},
  year={1939},
  publisher={APS}
}

@article{rhoades1974maximum,
  title={Maximum mass of a neutron star},
  author={Rhoades Jr, Clifford E and Ruffini, Remo},
  journal={Physical Review Letters},
  volume={32},
  number={6},
  pages={324},
  year={1974},
  publisher={APS}
}

@article{shakura1988theory,
  title={The theory of an accretion disk/neutron star boundary layer},
  author={Shakura, NI and Sunyaev, RA},
  journal={Advances in Space Research},
  volume={8},
  pages={135--140},
  year={1988}
}

@article{ghosh1978disk,
  title={Disk accretion by magnetic neutron stars},
  author={Ghosh, P and Lamb, FK},
  journal={The Astrophysical Journal},
  volume={223},
  pages={L83--L87},
  year={1978}
}

@article{popham2001accretion,
  title={Accretion disk boundary layers around neutron stars: X-ray production in low-mass X-ray binaries},
  author={Popham, Robert and Sunyaev, Rashid},
  journal={The Astrophysical Journal},
  volume={547},
  number={1},
  pages={355},
  year={2001},
  publisher={IOP Publishing}
}

@article{lamb1973model,
  title={A Model for Compact X-Ray Sources: Accretion by Rotating Magnetic Stars},
  author={Lamb, FK and Pethick, CJ and Pines, D},
  journal={The Astrophysical Journal},
  volume={184},
  pages={271--290},
  year={1973}
}

@article{giacconi1962evidence,
  title = {Evidence for x Rays From Sources Outside the Solar System},
  author = {Giacconi, Riccardo and Gursky, Herbert and Paolini, Frank R. and Rossi, Bruno B.},
  journal = {Phys. Rev. Lett.},
  volume = {9},
  issue = {11},
  pages = {439--443},
  numpages = {0},
  year = {1962},
  publisher = {American Physical Society}
}

@article{lin2009spectral,
  title={Spectral States of XTE J1701--462: Link Between Z and Atoll Sources},
  author={Lin, Dacheng and Remillard, Ronald A and Homan, Jeroen},
  journal={The Astrophysical Journal},
  volume={696},
  number={2},
  pages={1257},
  year={2009},
  publisher={IOP Publishing}
}

@article{kuulkers1994spectral,
  title={Spectral and correlated timing behaviour of GX 5-1},
  author={Kuulkers, E and {van der Klis}, M and Oosterbroek, T and Asai, K and Dotani, T and {van Paradijs}, J and Lewin, WHG},
  journal={Astronomy and Astrophysics},
  volume={289},
  pages={795--821},
  year={1994}
}

@article{van2016probing,
  title={Probing the origin of quasi-periodic oscillations: the short-time-scale evolution of phase lags in GRS 1915+ 105},
  author={{van den Eijnden}, Jakob and Ingram, Adam and Uttley, Phil},
  journal={Monthly Notices of the Royal Astronomical Society},
  volume={458},
  number={4},
  pages={3655--3666},
  year={2016},
  publisher={Oxford University Press}
}

@article{motta2015geometrical,
  title={Geometrical constraints on the origin of timing signals from black holes},
  author={Motta, SE and Casella, P and Henze, M and Mu{\~n}oz-Darias, T and Sanna, A and Fender, R and Belloni, T},
  journal={Monthly Notices of the Royal Astronomical Society},
  volume={447},
  number={2},
  pages={2059--2072},
  year={2015},
  publisher={Oxford University Press}
}

@article{chakrabarti1993smoothed,
  title={Smoothed particle hydrodynamics confronts theory: formation of standing shocks in accretion disks and winds around black holes},
  author={Chakrabarti, Sandip K and Molteni, Diego},
  journal={The Astrophysical Journal},
  volume={417},
  pages={671},
  year={1993}
}

@article{tagger1999accretion,
  title={An accretion-ejection instability in magnetized disks},
  author={Tagger, M and Pellat, R},
  journal={arXiv preprint astro-ph/9907267},
  year={1999}
}

@article{van2006rapid,
  title={Rapid X-ray variability},
  author={{van der Klis}, M},
  journal={Compact stellar X-ray sources},
  volume={1},
  pages={39--112},
  year={2006}
}

@article{salpeter1955luminosity,
  title={The luminosity function and stellar evolution.},
  author={Salpeter, Edwin E},
  journal={The Astrophysical Journal},
  volume={121},
  pages={161},
  year={1955}
}

@book{benacquista2012introduction,
  title={An introduction to the evolution of single and binary stars},
  author={Benacquista, Matthew},
  year={2012},
  publisher={Springer Science \& Business Media}
}

@article{trumper1978evidence,
  title={Evidence for strong cyclotron line emission in the hard X-ray spectrum of Hercules X-1},
  author={Tr{\"u}mper, J and Pietsch, W and Reppin, C and Voges, W and Staubert, R and Kendziorra, E},
  journal={Astrophys. J., Lett.;(United States)},
  volume={219},
  number={3},
  year={1978},
  publisher={Max-Planck-Institut fuer Physik und Astrophysik, Institut fuerextraterrestrische Physik, Munich}
}

@article{van1994similarities,
  title={Similarities in neutron star and black hole accretion},
  author={{van der Klis}, M},
  journal={The Astrophysical Journal Supplement Series},
  volume={92},
  pages={511--519},
  year={1994}
}

@article{homan2015geometric,
  title={On the Geometric Nature of Low-frequency Quasi-periodic Oscillations in Neutron-star Low-mass X-Ray Binaries},
  author={Homan, Jeroen and Fridriksson, Joel K and Remillard, Ronald A},
  journal={The Astrophysical Journal},
  volume={812},
  number={1},
  pages={80},
  year={2015},
  publisher={IOP Publishing}
}

@article{papitto2011spin,
  title={The spin and orbit of the newly discovered pulsar IGR J17480-2446},
  author={Papitto, A and D’A{\`\i}, ANTONINO and Motta, S and Riggio, A and Burderi, L and Di Salvo, T and Belloni, T and Iaria, R},
  journal={Astronomy \& Astrophysics},
  volume={526},
  pages={L3},
  year={2011},
  publisher={EDP Sciences}
}

@article{patruno2012peculiar,
  title={The Peculiar Evolutionary History of IGR J17480-2446 in Terzan 5},
  author={Patruno, Alessandro and Alpar, M Ali and {van der Klis}, Michiel and {van den Heuvel}, Ed PJ},
  journal={The Astrophysical Journal},
  volume={752},
  number={1},
  pages={33},
  year={2012},
  publisher={IOP Publishing}
}

@article{bradt1993x,
  title={X-ray timing explorer mission},
  author={Bradt, HV and Rothschild, RE and Swank, JH},
  journal={Astronomy and Astrophysics Supplement Series},
  volume={97},
  pages={355--360},
  year={1993}
}

@article{peille2015spectral,
  title={The spectral-timing properties of upper and lower kHz QPOs},
  author={Peille, Philippe and Barret, Didier and Uttley, Phil},
  journal={The Astrophysical Journal},
  volume={811},
  number={2},
  pages={109},
  year={2015},
  publisher={IOP Publishing}
}

@article{church2014nature,
  title={The nature of the island and banana states in atoll sources and a unified model for low-mass X-ray binaries},
  author={Church, MJ and Gibiec, A and Ba{\l}uci{\'n}ska-Church, M},
  journal={Monthly Notices of the Royal Astronomical Society},
  pages={stt2364},
  year={2014},
  publisher={Oxford University Press}
}

@article{galloway2008thermonuclear,
  title={Thermonuclear (type i) X-ray bursts observed by the rossi X-ray timing explorer},
  author={Galloway, Duncan K and Muno, Michael P and Hartman, Jacob M and Psaltis, Dimitrios and Chakrabarty, Deepto},
  journal={The Astrophysical Journal Supplement Series},
  volume={179},
  number={2},
  pages={360},
  year={2008},
  publisher={IOP Publishing}
}

@article{homan2012possible,
  title={A possible signature of Lense-Thirring precession in dipping and eclipsing neutron-star low-mass X-ray binaries},
  author={Homan, Jeroen},
  journal={The Astrophysical Journal Letters},
  volume={760},
  number={2},
  pages={L30},
  year={2012},
  publisher={IOP Publishing}
}

@misc{heasarc,
  author = {{\relax Goddard Space Flight Center} NASA},
  title = {High Energy Astrophysics Science Archive Research Center},
  year = 2015,
  url = {http://heasarc.gsfc.nasa.gov/cgi-bin/W3Browse/w3browse.pl},
  note = {Accessed: 23-06-2016}
}

@inproceedings{jahoda1996orbit,
  title={In-orbit performance and calibration of the Rossi X-ray Timing Explorer (RXTE) Proportional Counter Array (PCA)},
  author={Jahoda, Keith and Swank, Jean H and Giles, Alan B and Stark, Michael J and Strohmayer, Tod and Zhang, William W and Morgan, Edward H},
  booktitle={SPIE's 1996 International Symposium on Optical Science, Engineering, and Instrumentation},
  pages={59--70},
  year={1996},
  organization={International Society for Optics and Photonics}
}

@inproceedings{zhang1993laboratory,
  title={Laboratory performance of the proportional counter array experiment for the X-ray Timing Explorer},
  author={Zhang, William W and Giles, Alan B and Jahoda, Keith and Soong, Yang and Swank, Jean H and Morgan, Edward H},
  booktitle={SPIE's 1993 International Symposium on Optics, Imaging, and Instrumentation},
  pages={324--333},
  year={1993},
  organization={International Society for Optics and Photonics}
}

@article{rothschild1998flight,
  title={In-flight performance of the high energy X-ray timing experiment on the Rossi X-ray Timing Explorer},
  author={Rothschild, RE and Blanco, PR and Gruber, DE and Heindl, WA and MacDonald, DR and Marsden, DC and Pelling, MR and Wayne, LR and Hink, PL},
  journal={The Astrophysical Journal},
  volume={496},
  number={1},
  pages={538},
  year={1998},
  publisher={IOP Publishing}
}

@misc{rxtepcaissues,
  author = {{\relax Guest Observer Facility} RXTE},
  title = {PCA Issues},
  year = 1999,
  url = {https://heasarc.gsfc.nasa.gov/docs/xte/abc/pca_issues.html},
  note = {Accessed: 23-06-2016}
}

@misc{rxtearchive,
  author = {{\relax Guest Observer Facility} RXTE},
  title = {Archive},
  year = 2000,
  url = {https://heasarc.gsfc.nasa.gov/docs/xte/recipes/archive.html},
  note = {Accessed: 28-06-2016}
}

@misc{rxtestdproducts,
  author = {{\relax Guest Observer Facility} RXTE},
  title = {Standard Data Products},
  year = 2013,
  url = {https://heasarc.gsfc.nasa.gov/docs/xte/recipes/stdprod_guide.html},
  note = {Accessed: 29-06-2016}
}

@misc{rxtecookbookevent,
  author = {{\relax Guest Observer Facility} RXTE},
  title = {Reduction and Analysis of PCA Event-Mode Data},
  year = 2012,
  url = {https://heasarc.gsfc.nasa.gov/docs/xte/recipes/pca_event_spectra.html},
  note = {Accessed: 29-06-2016}
}

@misc{rxtecookbookbinned,
  author = {{\relax Guest Observer Facility} RXTE},
  title = {Reduction and Analysis of PCA Binned-Mode Data},
  year = 2006,
  url = {https://heasarc.gsfc.nasa.gov/docs/xte/recipes/pca_spectra.html},
  note = {Accessed: 29-06-2016}
}

@misc{saa,
  author = {{\relax Guest Observer Facility} ROSAT},
  title = {South Atlantic Anomaly},
  year = 2002,
  url = {http://heasarc.gsfc.nasa.gov/docs/rosat/gallery/misc_saad.html},
  note = {Accessed: 29-06-2016}
}

@misc{maketime,
  author = {{\relax Guest Observer Facility} RXTE},
  title = {Maketime},
  year = 1998,
  url = {https://heasarc.gsfc.nasa.gov/ftools/caldb/help/maketime.txt},
  note = {Accessed: 29-06-2016}
}

@misc{pcabackest,
  author = {{\relax Guest Observer Facility} RXTE},
  title = {Pcabackest},
  year = 1998,
  url = {https://heasarc.gsfc.nasa.gov/ftools/caldb/help/pcabackest.txt},
  note = {Accessed: 30-06-2016}
}

@misc{pcadigest,
  author = {{\relax Guest Observer Facility} RXTE},
  title = {PCA Digest: Recent Developments},
  year = 2012,
  url = {http://heasarc.gsfc.nasa.gov/docs/xte/pca_news.html},
  note = {Accessed: 30-06-2016}
}

@misc{saextrct,
  author = {{\relax Guest Observer Facility} RXTE},
  title = {Saextrct},
  year = 1998,
  url = {https://heasarc.gsfc.nasa.gov/ftools/caldb/help/saextrct.txt},
  note = {Accessed: 01-07-2016}
}

@misc{seextrct,
  author = {{\relax Guest Observer Facility} RXTE},
  title = {Seextrct},
  year = 1998,
  url = {https://heasarc.gsfc.nasa.gov/ftools/caldb/help/seextrct.txt},
  note = {Accessed: 01-07-2016}
}

@article{uttley2014x,
  title={X-ray reverberation around accreting black holes},
  author={Uttley, P and Cackett, EM and Fabian, AC and Kara, E and Wilkins, DR},
  journal={The Astronomy and Astrophysics Review},
  volume={22},
  number={1},
  pages={1--66},
  year={2014},
  publisher={Springer}
}

@article{maccarone2000time,
  title={Time domain analysis of variability in Cygnus X-1: constraints on the emission models},
  author={Maccarone, Thomas J and Coppi, Paolo S and Poutanen, Juri},
  journal={The Astrophysical Journal Letters},
  volume={537},
  number={2},
  pages={L107},
  year={2000},
  publisher={IOP Publishing}
}

@article{legg2012direct,
  title={Direct measurement of the X-ray time-delay transfer function in active galactic nuclei},
  author={Legg, E and Miller, L and Turner, TJ and Giustini, M and Reeves, JN and Kraemer, SB},
  journal={The Astrophysical Journal},
  volume={760},
  number={1},
  pages={73},
  year={2012},
  publisher={IOP Publishing}
}

@article{belloni1990variability,
  title={Variability in the noise properties of Cygnus X-1},
  author={Belloni, T and Hasinger, G},
  journal={Astronomy and Astrophysics},
  volume={227},
  pages={L33--L36},
  year={1990}
}

@misc{pcarsp,
  author = {{\relax Guest Observer Facility} RXTE},
  title = {Pcarsp},
  year = 1998,
  url = {https://heasarc.gsfc.nasa.gov/ftools/caldb/help/pcarsp.txt},
  note = {Accessed: 03-07-2016}
}

@inproceedings{arnaud1996astronomical,
  title={Astronomical data analysis software and systems V},
  author={Arnaud, KA},
  booktitle={ASP Conf. Ser},
  volume={101},
  number={1},
  year={1996}
}

@article{tauris2006formation,
  title={Formation and evolution of compact stellar X-ray sources},
  author={Tauris, TM and {van den Heuvel}, EPJ},
  journal={Compact stellar X-ray sources},
  volume={39},
  pages={623--665},
  year={2006}
}

@misc{cygnusx1,
  author = {{\relax Chandra} NASA},
  title = {Black Holes (Illustrations)},
  year = 2014,
  url = {http://chandra.harvard.edu/resources/illustrations/blackholes.html},
  note = {Accessed: 11-07-2016}
}

@article{galeev1979structured,
  title={Structured coronae of accretion disks},
  author={Galeev, AA and Rosner, Re and Vaiana, GS},
  journal={The Astrophysical Journal},
  volume={229},
  pages={318--326},
  year={1979}
}

@incollection{gilfanov2010x,
  title={X-ray emission from black-hole binaries},
  author={Gilfanov, Marat},
  booktitle={The Jet Paradigm},
  pages={17--51},
  year={2010},
  publisher={Springer}
}

@article{markoff2005going,
  title={Going with the flow: can the base of jets subsume the role of compact accretion disk coronae?},
  author={Markoff, Sera and Nowak, Michael A and Wilms, J{\"o}rn},
  journal={The Astrophysical Journal},
  volume={635},
  number={2},
  pages={1203},
  year={2005},
  publisher={IOP Publishing}
}

@article{lin2007evaluating,
  title={Evaluating spectral models and the X-ray states of neutron star X-ray transients},
  author={Lin, Dacheng and Remillard, Ronald A and Homan, Jeroen},
  journal={The Astrophysical Journal},
  volume={667},
  number={2},
  pages={1073},
  year={2007},
  publisher={IOP Publishing}
}

@mastersthesis{marieke,
  title={Lense-Thirring Precession Around Neutron Stars With Known Spin},
  author={M. {van Doesburgh}},
  school={University of Amsterdam},
  year={2014},
  type={MSc thesis}
}

@book{adams2002salmon,
  title={The Salmon of Doubt: Hitchhiking the Universe One Last Time},
  author={Adams, Douglas},
  year={2002},
  publisher={Harmony}
}

@article{gilfanov2014observational,
  title={Observational appearance of black holes in X-ray binaries and AGN},
  author={Gilfanov, Marat and Merloni, Andrea},
  journal={Space Science Reviews},
  volume={183},
  number={1-4},
  pages={121--148},
  year={2014},
  publisher={Springer}
}

@phdthesis{altamirano,
  title={Different Manifestations of Accretion onto Compact Objects},
  author={Diego Altamirano},
  school={University of Amsterdam},
  year={2008}
}

@article{pahari2013comparison,
  title={Comparison of time/phase lags in the hard state and plateau state of GRS 1915+ 105},
  author={Pahari, Mayukh and Neilsen, Joseph and Yadav, JS and Misra, Ranjeev and Uttley, Phil},
  journal={The Astrophysical Journal},
  volume={778},
  number={2},
  pages={136},
  year={2013},
  publisher={IOP Publishing}
}

@article{psaltis1995x,
  title={X-ray spectra of Z sources},
  author={Psaltis, Dimitrios and Lamb, Frederick K and Miller, Guy S},
  journal={The Astrophysical Journal Letters},
  volume={454},
  number={2},
  pages={L137},
  year={1995},
  publisher={IOP Publishing}
}


@misc{pcainfo,
  author = {{\relax Guest Observer Facility} RXTE},
  title = {Proportional Counter Array (PCA)},
  year = 2006,
  url = {https://heasarc.gsfc.nasa.gov/docs/xte/PCA.html},
  note = {Accessed: 13-07-2016}
}

@article{liu2001catalogue,
  title={A catalogue of low-mass X-ray binaries},
  author={Liu, QZ and {van Paradijs}, J and {van den Heuvel}, EPJ},
  journal={Astronomy \& Astrophysics},
  volume={368},
  number={3},
  pages={1021--1054},
  year={2001},
  publisher={EDP Sciences}
}

@article{watts2009discovery,
  title={Discovery of burst oscillations in the intermittent accretion-powered millisecond pulsar HETE J1900. 1-2455},
  author={Watts, Anna L and Altamirano, Diego and Linares, Manuel and Patruno, Alessandro and Casella, Piergiorgio and Cavecchi, Yuri and Degenaar, Nathalie and Rea, Nanda and Soleri, Paolo and {van der Klis}, Michiel and others},
  journal={The Astrophysical Journal Letters},
  volume={698},
  number={2},
  pages={L174},
  year={2009},
  publisher={IOP Publishing}
}

@article{galloway2005discovery,
  title={Discovery of the accretion-powered millisecond X-ray pulsar IGR J00291+ 5934},
  author={Galloway, Duncan K and Markwardt, Craig B and Morgan, Edward H and Chakrabarty, Deepto and Strohmayer, Tod E},
  journal={The Astrophysical Journal Letters},
  volume={622},
  number={1},
  pages={L45},
  year={2005},
  publisher={IOP Publishing}
}

@article{papitto2011discovery,
  title={The discovery of the 401 Hz accreting millisecond pulsar IGR J17498-2921 in a 3.8 h orbit},
  author={Papitto, A and Bozzo, E and Ferrigno, C and Belloni, T and Burderi, L and Di Salvo, T and Riggio, A and D’A{\`\i}, A and Iaria, R},
  journal={Astronomy \& Astrophysics},
  volume={535},
  pages={L4},
  year={2011},
  publisher={EDP Sciences}
}

@article{krimm2007discovery,
  title={Discovery of the Accretion-powered Millisecond Pulsar SWIFT J1756. 9--2508 with a Low-Mass Companion},
  author={Krimm, HA and Markwardt, Craig B and Deloye, CJ and Romano, P and Chakrabarty, Deepto and Campana, S and Cummings, JR and Galloway, DK and Gehrels, N and Hartman, JM and others},
  journal={The Astrophysical Journal Letters},
  volume={668},
  number={2},
  pages={L147},
  year={2007},
  publisher={IOP Publishing}
}

@article{wilms2000absorption,
  title={On the absorption of X-rays in the interstellar medium},
  author={Wilms, J and Allen, A and McCray, R},
  journal={The Astrophysical Journal},
  volume={542},
  number={2},
  pages={914},
  year={2000},
  publisher={IOP Publishing}
}

@article{van2005relations,
  title={Relations between timing features and colors in accreting millisecond pulsars},
  author={{van Straaten}, Steve and {van der Klis}, Michiel and Wijnands, Rudy},
  journal={The Astrophysical Journal},
  volume={619},
  number={1},
  pages={455},
  year={2005},
  publisher={IOP Publishing}
}

@article{bhattacharyya2007timing,
  title={Timing properties of XB 1254- 690},
  author={Bhattacharyya, Sudip},
  journal={Monthly Notices of the Royal Astronomical Society},
  volume={377},
  number={1},
  pages={198--202},
  year={2007},
  publisher={Oxford University Press}
}

@article{galloway2002discovery,
  title={Discovery of a high-latitude accreting millisecond pulsar in an ultracompact binary},
  author={Galloway, Duncan K and Chakrabarty, Deepto and Morgan, Edward H and Remillard, Ronald A},
  journal={The Astrophysical Journal Letters},
  volume={576},
  number={2},
  pages={L137},
  year={2002},
  publisher={IOP Publishing}
}

@article{markwardt2002discovery,
  title={Discovery of a Second Millisecond Accreting Pulsar: XTE J1751--305},
  author={Markwardt, CB and Swank, JH and Strohmayer, TE and Marshall, FE and others},
  journal={The Astrophysical Journal Letters},
  volume={575},
  number={1},
  pages={L21},
  year={2002},
  publisher={IOP Publishing}
}

@article{markwardt2003discovery,
  title={Discovery of a Fourth Accreting Millisecond Pulsar, XTE J1807-294},
  author={Markwardt, CB and Smith, E and Swank, JH},
  journal={The Astronomer's Telegram},
  volume={122},
  year={2003}
}

@article{markwardt2003xte,
  title={XTE J1814-338},
  author={Markwardt, CB and Swank, JH},
  journal={International Astronomical Union Circular},
  volume={8144},
  pages={1},
  year={2003}
}

@article{homan2005high,
  title={High-and Low-Frequency Quasi-periodic Oscillations in the X-Ray Light Curves of the Black Hole Transient H1743--322},
  author={Homan, Jeroen and Miller, Jon M and Wijnands, Rudy and {van der Klis}, Michiel and Belloni, Tomaso and Steeghs, Danny and Lewin, Walter HG},
  journal={The Astrophysical Journal},
  volume={623},
  number={1},
  pages={383},
  year={2005},
  publisher={IOP Publishing}
}

@article{homan2001correlated,
  title={Correlated X-ray spectral and timing behavior of the black hole candidate XTE J1550--564: a new interpretation of black hole states},
  author={Homan, Jeroen and Wijnands, Rudy and {van der Klis}, Michiel and Belloni, Tomaso and {van Paradijs}, Jan and Klein-Wolt, Marc and Fender, Rob and Mendez, Mariano},
  journal={The Astrophysical Journal Supplement Series},
  volume={132},
  number={2},
  pages={377},
  year={2001},
  publisher={IOP Publishing}
}

@article{van1996discovery,
  title={Discovery of submillisecond quasi-periodic oscillations in the X-ray flux of Scorpius X-1},
  author={{van der Klis}, M and Swank, JH and Zhang, W and Jahoda, K and Morgan, EH and Lewin, WHG and Vaughan, B and {van Paradijs}, J},
  journal={The Astrophysical Journal Letters},
  volume={469},
  number={1},
  pages={L1},
  year={1996},
  publisher={IOP Publishing}
}

@article{ritter2003catalogue,
  title={Catalogue of cataclysmic binaries, low--mass X-ray binaries and related objects},
  author={Ritter, Hans and Kolb, Ulrich},
  journal={Astronomy \& Astrophysics},
  volume={404},
  number={1},
  pages={301--303},
  year={2003},
  publisher={EDP Sciences}
}

@article{schulz2010dynamical,
  title={Dynamical K Edge and Line Variations in the X-ray Spectrum of the Ultra-compact Binary 4U 0614+ 091},
  author={Schulz, Norbert S and Nowak, MA and Chakrabarty, Deepto and Canizares, Claude R},
  journal={The Astrophysical Journal},
  volume={725},
  number={2},
  pages={2417},
  year={2010},
  publisher={IOP Publishing}
}

@article{pandel2008relativistic,
  title={Relativistic iron line emission from the neutron star low-mass X-ray binary 4U 1636-536},
  author={Pandel, Dirk and Kaaret, Philip and Corbel, Stephane},
  journal={The Astrophysical Journal},
  volume={688},
  number={2},
  pages={1288},
  year={2008},
  publisher={IOP Publishing}
}

@article{crampton1976spectroscopic,
  title={Spectroscopic analysis of Scorpius X-1.},
  author={Crampton, David and Cowley, ANNE P and Hutchings, JB and Kaat, C},
  journal={The Astrophysical Journal},
  volume={207},
  pages={907--913},
  year={1976}
}

@article{orosz1999optical,
  title={The optical light curves of Cygnus X-2 (V1341 Cyg) and the mass of its neutron star},
  author={Orosz, Jerome A and Kuulkers, Erik},
  journal={Monthly Notices of the Royal Astronomical Society},
  volume={305},
  number={1},
  pages={132--142},
  year={1999},
  publisher={Oxford University Press}
}

@article{di2009relativistically,
  title={A relativistically smeared spectrum in the neutron star X-ray binary 4U 1705- 44: looking at the inner accretion disc with X-ray spectroscopy},
  author={Di Salvo, TIZIANA and D'A{\'\i}, ANTONINO and Iaria, ROSARIO and Burderi, L and Dov{\v{c}}iak, M and Karas, V and Matt, Giorgio and Papitto, A and Piraino, S and Riggio, A and others},
  journal={Monthly Notices of the Royal Astronomical Society},
  volume={398},
  number={4},
  pages={2022--2027},
  year={2009},
  publisher={Oxford University Press}
}

@inproceedings{shaposhnikov2002bursting,
  title={The bursting behavior of 4U 1728-34: parameters of neutron star and geometry of NS-disk system.},
  author={Shaposhnikov, N and Titarchuk, L},
  booktitle={34th COSPAR Scientific Assembly},
  volume={34},
  year={2002}
}

@article{shahbaz1998aquila,
  title={Aquila X-1: a low-inclination soft X-ray transient},
  author={Shahbaz, T and Thorstensen, JR and Charles, PA and Sherman, ND},
  journal={Monthly Notices of the Royal Astronomical Society},
  volume={296},
  number={4},
  pages={1004--1008},
  year={1998},
  publisher={Oxford University Press}
}

@article{iaria2008chandra,
  title={Chandra Observation of Cir X-1 near the Periastron Passage: Evidence for an X-Ray Jet?},
  author={Iaria, R and D’A{\'\i}, A and Lavagetto, G and Di Salvo, T and Robba, NR and Burderi, L},
  journal={The Astrophysical Journal},
  volume={673},
  number={2},
  pages={1033},
  year={2008},
  publisher={IOP Publishing}
}

@article{cackett2009broad,
  title={Broad Relativistic Iron Emission Line Observed in SAX J1808. 4--3658},
  author={Cackett, EM and Altamirano, D and Patruno, A and Miller, JM and Reynolds, M and Linares, M and Wijnands, R},
  journal={The Astrophysical Journal Letters},
  volume={694},
  number={1},
  pages={L21},
  year={2009},
  publisher={IOP Publishing}
}

@article{papitto2013accretion,
  title={The accretion flow to the intermittent accreting millisecond pulsar, HETE J1900. 1- 2455, as observed by XMM--Newton and RXTE},
  author={Papitto, A and D’A{\`\i}, A and Di Salvo, T and Egron, E and Bozzo, E and Burderi, L and Iaria, R and Riggio, A and Menna, MT},
  journal={Monthly Notices of the Royal Astronomical Society},
  pages={sts605},
  year={2013},
  publisher={Oxford University Press}
}

@article{shahbaz1997rotation,
  title={The rotation speed of the companion star in Aquila X-1},
  author={Shahbaz, T and Casares, J and Charles, PA},
  journal={arXiv preprint astro-ph/9707331},
  year={1997}
}

@article{galloway2016intermittent,
  title={Intermittent dipping in a low-mass X-ray Binary},
  author={Galloway, Duncan K and Ajamyan, Alishan N and Upjohn, James and Stuart, Matthew},
  journal={Monthly Notices of the Royal Astronomical Society},
  pages={stw1576},
  year={2016},
  publisher={Oxford University Press}
}

@article{uttley2001flux,
  title={The flux-dependent amplitude of broadband noise variability in X-ray binaries and active galaxies},
  author={Uttley, Philip and McHardy, Ian M},
  journal={Monthly Notices of the Royal Astronomical Society},
  volume={323},
  number={2},
  pages={L26--L30},
  year={2001},
  publisher={Oxford University Press}
}

@article{lyubarskii1997flicker,
  title={Flicker noise in accretion discs},
  author={Lyubarskii, Yu E},
  journal={Monthly Notices of the Royal Astronomical Society},
  volume={292},
  number={3},
  pages={679--685},
  year={1997},
  publisher={Oxford University Press}
}

@article{homan2007rossi,
  title={Rossi X-Ray Timing Explorer Observations of the First Transient Z Source XTE J1701--462: Shedding New Light on Mass Accretion in Luminous Neutron Star X-Ray Binaries},
  author={Homan, Jeroen and van der Klis, Michiel and Wijnands, Rudy and Belloni, Tomaso and Fender, Rob and Klein-Wolt, Marc and Casella, Piergiorgio and M{\'e}ndez, Mariano and Gallo, Elena and Lewin, Walter HG and others},
  journal={The Astrophysical Journal},
  volume={656},
  number={1},
  pages={420},
  year={2007},
  publisher={IOP Publishing}
}